@string{geophysics= {{Geophysics}}}
@string{gji={{Geophys. J. Int.}}}
@string{bssa={{Bulletin of the Seismological Society of America}}}
@string{jgr=      {{Journal of Geophysical Research}}}
@string{tle= {{The Leading Edge}}}
@string{science={{Science}}}
@string{nature={{Nature}}}
@string{natgeo={{Nature Geoscience}}}
@string{epsl={{Earth and Planetary Science Letters}}}
@string{pepi={{Physics of the Earth and Planetary Interiors}}}
@string{grl={{Geophysical Research Letters}}}
@string{geology={{Geology}}}
@string{tectonophysics={{Tectonophysics}}}
@string{MGR={{Marine Geophys. Res.}}}
@string{AREPS={{Annu.Rev.Earth Planet.Sci}}}
@string{GJRAS={{Geophys.J.R.astr.Soc}}}
@string{CCP={{Comm. in Comput. Phys.}}}
@string{G3={{Geochmistry Geophysics Geosystems}}}


@article{Peter2011,
    author = {Peter, Daniel and Komatitsch, Dimitri and Luo, Yang and Martin, Roland and {Le Goff}, Nicolas and Casarotti, Emanuele and {Le Loher}, Pieyre and Magnoni, Federica and Liu, Qinya and Blitz, C\'{e}line and Nissen-Meyer, Tarje and Basini, Piero and Tromp, Jeroen},
    doi = {10.1111/j.1365-246X.2011.05044.x},
    journal = {Geophysical Journal International},
    month = aug,
    number = {2},
    pages = {721--739},
    title = {{Forward and adjoint simulations of seismic wave propagation on fully unstructured hexahedral meshes}},
    url = {http://gji.oxfordjournals.org/cgi/doi/10.1111/j.1365-246X.2011.05044.x},
    volume = {186},
    year = {2011}
}

@article{Komatitsch2002a,
	author={D. Komatitsch and J. Tromp},
	year=2002,
	title={Spectral-element simulations of global seismic wave propagation -- {I}. {V}alidation},
	journal=gji,
	volume=149,
	pages={390--412}
}

@article{Komatitsch2002b,
	author={D. Komatitsch and J. Tromp},
	year=2002,
	title={Spectral-element simulations of global seismic wave propagation-{II}. {T}hree-dimensional models, oceans, rotation and self-gravitation},
	journal=gji,
	volume=150,
	pages={308--318}
}


@article{Tromp2010,
	author={J. Tromp and D. Komatitsch and V. Hj\"orleifsd\'ottir and Q. Liu and H. Zhu and D. Peter and E. Bozda\u{g} and D. McRitchie and P. Friberg and C. Trabant and A. Hutko},
	year=2010,
	title={Near real-time simulations of global {CMT} earthquakes},
    doi={10.1111/j.1365-246X.2010.04734.x},
	journal=gji,
	volume=183,
	pages={381-389},
}

@article{Beyreuther2010,
    author = {Beyreuther, M. and Barsch, R. and Krischer, L. and Megies, T. and Behr, Y. and Wassermann, Joachim},
    journal = {Seismological Research Letters},
    number = {3},
    pages = {530},
    title = {{ObsPy: A Python Toolbox for Seismology}},
    doi = {10.1785/gssrl.81.3.530},
    volume = {81},
    year = {2010}
}


@article{Megies2011,
    author = {Megies, Tobias and Beyreuther, Moritz and Barsch, Robert and Krischer, Lion and Wassermann, Joachim},
    journal = {Annals Of Geophysics},
    number = {1},
    pages = {47--58},
    title = {{ObsPy -- What can it do for data centers and observatories?}},
    doi = {10.4401/ag-4838},
    volume = {54},
    year = {2011}
}


@article{Krischer2015,
    author = {Krischer, Lion and Megies, Tobias and Barsch, Robert and Beyreuther, Moritz and Lecocq, Thomas and Caudron, Corentin and Wassermann, Joachim},
    doi = {10.1088/1749-4699/8/1/014003},
    journal = {Computational Science \& Discovery},
    number = {1},
    pages = {14003-14020},
    publisher = {IOP Publishing},
    title = {{ObsPy: a bridge for seismology into the scientific Python ecosystem}},
    volume = {8},
    year = {2015}
}


@misc{quakeml_orfeus_newsletter,
   author = {Schorlemmer, Danijel and Wyss, Adrian and Maraini, Silvio and Wiemer, Stefan and Baer, Manfred},
   title = {{Orfeus Newsletter 6(2): QuakeML - An XML schema for seismology}},
   year = {2004},
   note = {accessed 7-October-2015, \url{http://www.orfeus-eu.org/organization/Organization/Newsletter/vol6no2/quakeml.shtml}}
}


@misc{xml_spec,
   author = {Bray, Tim and Paoli, Jean and Sperberg-McQueen, C.M. and Maler, Eve and Yergeau, Fran√ßois},
   title = {{Extensible Markup Language (XML) 1.0 (Fifth Edition)}},
   year = {2008},
   note = {accessed 7-October-2015, \url{https://www.w3.org/TR/2008/REC-xml-20081126/}}
}


@article{Schorlemmer2011,
    author = {Schorlemmer, Danijel and Euchner, Fabian and K\"{a}stli, Philipp and Saul, Joachim and Group, QuakeML Working},
    doi = {10.4401/ag-4874},
    journal = {Annals of Geophysics},
    number = {1},
    pages = {59--65},
    title = {{QuakeML: Status of the XML-based seismological data exchange format}},
    volume = {54},
    year = {2011}
}


@misc{hdf5,
    author = {{The HDF Group}},
    title = "{Hierarchical Data Format, version 5}",
    year = {1997--2015},
    note = {\url{https://www.hdfgroup.org/HDF5/}}
}

@article{netcdf,
    author={Rew, R. and Davis, G.},
    journal={Computer Graphics and Applications, IEEE},
    title={{NetCDF: an interface for scientific data access}},
    year={1990},
    volume={10},
    number={4},
    pages={76-82},
    doi={10.1109/38.56302},
    ISSN={0272-1716},
    month={July},}


@article{ADIOS,
    author = {Liu, Qing and Logan, Jeremy and Tian, Yuan and Abbasi, Hasan and Podhorszki, Norbert and Choi, Jong Youl and Klasky, Scott and Tchoua, Roselyne and Lofstead, Jay and Oldfield, Ron and Parashar, Manish and Samatova, Nagiza and Schwan, Karsten and Shoshani, Arie and Wolf, Matthew and Wu, Kesheng and Yu, Weikuan},
    title = {{Hello ADIOS: the challenges and lessons of developing leadership class I/O frameworks}},
    journal = {Concurrency and Computation: Practice and Experience},
    volume = {26},
    number = {7},
    issn = {1532-0634},
    url = {http://dx.doi.org/10.1002/cpe.3125},
    doi = {10.1002/cpe.3125},
    pages = {1453--1473},
    year = {2014},
}

@techreport{cern_report,
    author = {Ian Bird and Predrag Buncic and Federico Carminati and Marco Cattaneo and Peter Clarke and Ian Fisk and Maria Girone and John Harvey and Borut Kersevan and Pere Mato and Richard Mount and Bernd Panzer-Steindel},
    title = {{Update of the Computing Models of the WLCG and the LHC Experiments}},
    institution={CERN, Geneva},
    number={CERN-LHCC-2014-014 / LCG-TDR-002},
    year={2014}
}


@article{big_data_biology,
    author = {Stephens, Zachary D. AND Lee, Skylar Y. AND Faghri, Faraz AND Campbell, Roy H. AND Zhai, Chengxiang AND Efron, Miles J. AND Iyer, Ravishankar AND Schatz, Michael C. AND Sinha, Saurabh AND Robinson, Gene E.},
    journal = {PLoS Biol},
    publisher = {Public Library of Science},
    title = {Big Data: Astronomical or Genomical?},
    year = {2015},
    month = {07},
    volume = {13},
    pages = {e1002195},
    number = {7},
    doi = {10.1371/journal.pbio.1002195}
}


@misc{MPI,
    author = {{MPI Forum}},
    title = {{Message Passing Interface (MPI) Forum Home Page}},
    year = {2009},
    month={12},
    howpublished = {{\tt http://www.mpi-forum.org/}}
}


@manual{SEEDManual,
    author = {\mbox{Incorporated Research Institutions for Seismology (IRIS)}},
    title = {{SEED Reference Manual - Standard for the Exchange of Earthquake Data}},
    note = {\url{https://www.fdsn.org/seed_manual/SEEDManual_V2.4.pdf}},
    year = {2012},
    month = {August}
}

@manual{SEGY,
    author = {{SEG Technical Standards Committee}},
    title = {SEG Y rev 1 Data Exchange format},
    organization = {Society of Exploration Geophysicists},
    year = {2002}
}

@manual{PH5,
    author = {{IRIS/PASSCAL Data Group}},
    title = {Introduction to Active Source Data Archiving Utilizing PH5 as the Archive Format},
    organization = {IRIS/PASSCAL Instrument Center},
    year = {2012},
    note = {Version: 2012336}
}

@manual{NMSOP-2,
    title={{New Manual of Seismological Observatory Practice (NMSOP-2)}},
    author={Bormann, P.},
    year={2012},
    doi={10.2312/GFZ.NMSOP-2},
    note={\url{http://nmsop.gfz-potsdam.de/}},
    organization={IASPEI},
    address={GFZ German Research Centre for Geosciences, Potsdam}
}

@book{Havskov,
 author = {Havskov, J},
 title = {Routine data processing in earthquake seismology with sample data, exercises and software},
 publisher = {Springer},
 note = {{ISBN: 978-90-481-8696-9}},
 year = {2010},
 address = {Dordrecht New York}
 }

@misc{hadoop,
  author = {{Apache Software Foundation}},
  title = {Hadoop},
  note = {\url{https://hadoop.apache.org}},
  year = 2016
}

@misc{spark,
  author = {{Apache Software Foundation}},
  title = {Spark},
  note = {\url{https://spark.apache.org}},
  year = 2016
}

@article{McNamara2004,
    author = {McNamara, Daniel E and Buland, Raymond P},
    doi = {10.1785/012003001},
    journal = {Bulletin of the Seismological Society of America},
    number = {4},
    pages = {1517--1527},
    title = {{Ambient Noise Levels in the Continental United States}},
    volume = {94},
    year = {2004}
}


@article{Liu2012,
    author = {Liu, Qinya and Gu, Y.J.},
    doi = {10.1016/j.tecto.2012.07.006},
    issn = {00401951},
    journal = {Tectonophysics},
    month = {sep},
    pages = {31--66},
    title = {{Seismic imaging: From classical to adjoint tomography}},
    volume = {566-567},
    year = {2012}
}


@article{Tromp2005,
    author = {Tromp, Jeroen and Tape, Carl and Liu, Qinya},
    doi = {10.1111/j.1365-246X.2004.02453.x},
    journal = {Geophysical Journal International},
    month = {dec},
    number = {1},
    pages = {195--216},
    title = {{Seismic tomography, adjoint methods, time reversal and banana-doughnut kernels}},
    volume = {160},
    year = {2005}
}

@article{Fichtner2006,
    author = {Fichtner, Andreas and Bunge, Hans-Peter and Igel, Heiner},
    doi = {10.1016/j.pepi.2006.03.016},
    journal = {Physics of the Earth and Planetary Interiors},
    month = {aug},
    number = {1-2},
    pages = {86--104},
    title = {{The adjoint method in seismology I. -- Theory}},
    volume = {157},
    year = {2006}
}

@article{Tape2010,
    author = {Tape, Carl and Liu, Qinya and Maggi, Alessia and Tromp, Jeroen},
    doi = {10.1111/j.1365-246X.2009.04429.x},
    journal = {Geophysical Journal International},
    month = {jan},
    number = {1},
    pages = {433--462},
    title = {{Seismic tomography of the southern California crust based on spectral-element and adjoint methods}},
    volume = {180},
    year = {2010}
}


@article{Zhu2012,
    author = {Zhu, Hejun and Bozda\u{g}, Ebru and Peter, Daniel and Tromp, Jeroen},
    doi = {10.1038/ngeo1501},
    journal = {Nature Geoscience},
    month = {jun},
    number = {7},
    pages = {493--498},
    title = {{Structure of the European upper mantle revealed by adjoint tomography}},
    volume = {5},
    year = {2012}
}

@article{Colli2013,
    author = {Colli, Lorenzo and Fichtner, Andreas and Bunge, Hans-Peter},
    doi = {10.1016/j.tecto.2013.06.015},
    journal = {Tectonophysics},
    month = {sep},
    pages = {26--40},
    publisher = {Elsevier B.V.},
    title = {{Full waveform tomography of the upper mantle in the South Atlantic region: Imaging a westward fluxing shallow asthenosphere?}},
    volume = {604},
    year = {2013}
}


@book{HelffrichWookeyBastow201311,
    title={The Seismic Analysis Code: A Primer and User's Guide},
    author={George Helffrich and James Wookey and Ian Bastow},
    publisher={Cambridge University Press},
    year={2013},
    month={11},
    edition={1},
    totalpages={183}
}

@article{Maggi2009,
    author = {Maggi, Alessia and Tape, Carl and Chen, Min and Chao, Daniel and Tromp, Jeroen},
    doi = {10.1111/j.1365-246X.2009.04099.x},
    journal = {Geophysical Journal International},
    month = {jul},
    number = {1},
    pages = {257--281},
    title = {{An automated time-window selection algorithm for seismic tomography}},
    volume = {178},
    year = {2009}
}


@article{Thompson2000,
    author = {Thompson, D. A. and Best, J. S.},
    doi = {10.1147/rd.443.0311},
    journal = {IBM Journal of Research and Development},
    number = {3},
    pages = {311--322},
    title = {{The future of magnetic data storage techology}},
    volume = {44},
    year = {2000}
}
