% Encoding: UTF-8

@Book{Vernes1864,
  title     = {The Journey to the Center of the Earth (French: Voyage au centre de la Terre)},
  publisher = {Pierre-Jules Hetzel},
  year      = {1864},
  author    = {Jules Vernes},
}

@Book{Dante1320,
  title  = {Divine Comedy (Italian: Divina Commedia)},
  year   = {1320},
  author = {Dante},
}

@Comment{jabref-meta: databaseType:bibtex;}
